<?xml version="1.0" encoding="UTF-8"?><record xmlns="http://www.loc.gov/MARC21/slim" xmlns:cinclude="http://apache.org/cocoon/include/1.0" xmlns:zs="http://www.loc.gov/zing/srw/">
  <leader>00563nz  a2200145n  4500</leader>
  <controlfield tag="001">no 91014075 </controlfield>
  <controlfield tag="003">DLC</controlfield>
  <controlfield tag="005">19910618094525.9</controlfield>
  <controlfield tag="008">910603n| acannaab|          |a anc      </controlfield>
  <datafield tag="010" ind1=" " ind2=" ">
    <subfield code="a">no 91014075 </subfield>
  </datafield>
  <datafield tag="040" ind1=" " ind2=" ">
    <subfield code="a">DLC-S</subfield>
    <subfield code="c">DLC-S</subfield>
  </datafield>
  <datafield tag="110" ind1="2" ind2="0">
    <subfield code="a">Regional Council for Arts and Letters (Sudan)</subfield>
  </datafield>
  <datafield tag="410" ind1="1" ind2="0">
    <subfield code="a">Sudan.</subfield>
    <subfield code="b">Regional Council for Arts and Letters</subfield>
  </datafield>
  <datafield tag="410" ind1="1" ind2="0">
    <subfield code="a">Sudan.</subfield>
    <subfield code="b">Maṣlaḥat al-Thaqāfah.</subfield>
    <subfield code="b">Regional Council for Arts and Letters</subfield>
  </datafield>
  <datafield tag="670" ind1=" " ind2=" ">
    <subfield code="a">Heritage (Jūbā, Sudan). Heritage, Mar. 1982:</subfield>
    <subfield code="b">p. 1 (Department of Culture; Regional Council for Arts and Letters, Sudan)</subfield>
  </datafield>
</record>